<?xml version="1.0" encoding="UTF-8"?><collection xmlns="http://www.loc.gov/MARC21/slim"><record><leader>00439nam--2200145-i-4500</leader><controlfield tag="001">000032139</controlfield><controlfield tag="002">20161230</controlfield><controlfield tag="005">20161230201039</controlfield><controlfield tag="008">060222s1000------------r-----000-0-eng-d</controlfield><datafield ind1=" " ind2=" " tag="080"><subfield code="a">517.91:517.94</subfield></datafield><datafield ind1=" " ind2=" " tag="100"><subfield code="a">Marcinkowska, H</subfield></datafield><datafield ind1=" " ind2=" " tag="245"><subfield code="a">Partially elliptic differential equations having distributions as their right members</subfield></datafield><datafield ind1=" " ind2=" " tag="260"><subfield code="a">Warszawa, Panstwowe Wydanwnictwo Naukowe, 1966, 52p</subfield></datafield><datafield ind1=" " ind2=" " tag="490"><subfield code="a">Rozprawy Matematyzne</subfield></datafield><datafield ind1=" " ind2=" " tag="852"><subfield code="a">7385</subfield></datafield></record></collection>